% BibTeX bibliography

@conference{hudak2007history,
  title={{A history of Haskell: being lazy with class}},
  author={Hudak, P. and Hughes, J. and Jones, S.P. and Wadler, P.},
  booktitle={Proceedings of the third ACM SIGPLAN conference on History of programming languages},
  pages={12},
  year={2007},
  organization={ACM}
}

@misc{haskellinindustry,
  title={{Haskell in Industry}},
  howpublished={\url{http://haskell.org/haskellwiki/Haskell_in_industry}},
  year={2010},
}

@book{realworldhaskell,
  title={{Real World Haskell}},
  author={O'Sullivan, Bryan and Stewart, Don and Goerzen, John},
  year={2008},
  publisher={O'Reilly},
}

@misc{pythonitertools,
  title={{itertools --- Functions creating iterators for efficient looping}},
  howpublished={\url{http://docs.python.org/library/itertools.html}},
  publisher={Python Software Foundation},
  year={2010},
}

@misc{clifton2010,
  title={{Homework 8 --- Programming Language Paradigms}},
  howpublished={\url{http://www.rose-hulman.edu/class/csse/csse403/Fall2010/Homework/hw8.html}},
  year={2010},
}

@misc{haskellwikilifting,
  title={{Lifting Pattern}},
  howpublished={\url{http://www.haskell.org/haskellwiki/Lifting_pattern}},
  year={2006},
}

@article{thompson2005refactoring,
  title={{Refactoring functional programs}},
  author={Thompson, S.},
  journal={Advanced Functional Programming},
  pages={331--357},
  year={2005},
  publisher={Springer}
}

@article{li2006refactoring,
  title={{Refactoring Haskell Programs}},
  author={Li, H.},
  year={2006},
  publisher={Citeseer}
}

