% BibTeX bibliography

@book{combinatorylogic,
  title={{Combinatory Logic, Volume I}},
  author={Curry, Haskell Brooks; Robert Feys and Craig, William},
  year={1958},
  publisher={North-Holland Publishing Company}
}

@article{historyoflisp,
  title={{History of Lisp}},
  author={McCarthy, John},
  journal={ACM SIGPLAN History of Programming Languages},
  year={1978},
  publisher={ACM}
}

@misc{tiobe,
  title={{TIOBE Programming Community Index for October 2010}},
  howpublished={\url{http://www.tiobe.com/index.php/content/paperinfo/tpci/index.html}},
  publisher={TIOBE Software},
  year={2010}
}

@conference{hudak2007history,
  title={{A history of Haskell: being lazy with class}},
  author={Hudak, P. and Hughes, J. and Jones, S.P. and Wadler, P.},
  booktitle={Proceedings of the third ACM SIGPLAN conference on History of programming languages},
  pages={12},
  year={2007},
  organization={ACM}
}

@misc{haskellinindustry,
  title={{Haskell in Industry}},
  howpublished={\url{http://haskell.org/haskellwiki/Haskell_in_industry}},
  year={2010},
}

@book{realworldhaskell,
  title={{Real World Haskell}},
  author={O'Sullivan, Bryan and Stewart, Don and Goerzen, John},
  year={2008},
  publisher={O'Reilly},
}

@misc{pythonitertools,
  title={{itertools --- Functions creating iterators for efficient looping}},
  howpublished={\url{http://docs.python.org/library/itertools.html}},
  publisher={Python Software Foundation},
  year={2010},
}

@misc{clifton2010,
  title={{Homework 8 --- Programming Language Paradigms}},
  howpublished={\url{http://www.rose-hulman.edu/class/csse/csse403/Fall2010/Homework/hw8.html}},
  year={2010},
}

@misc{haskellwikilifting,
  title={{Lifting Pattern}},
  howpublished={\url{http://www.haskell.org/haskellwiki/Lifting_pattern}},
  year={2006},
}

@article{thompson2005refactoring,
  title={{Refactoring functional programs}},
  author={Thompson, S.},
  journal={Advanced Functional Programming},
  pages={331--357},
  year={2005},
  publisher={Springer}
}

@article{li2006refactoring,
  title={{Refactoring Haskell Programs}},
  author={Li, H.},
  year={2006},
  publisher={Citeseer}
}

@misc{clojurerationale,
  title={{Clojure: Rationale}},
  author={Hickey, Richard},
  howpublished={\url{http://clojure.org/rationale}},
  year={2010}
}

@misc{rerefactoring,
  title={{Re: Refactoring?}},
  howpublished={\url{http://markmail.org/message/btbnpxvuyob5xrig}},
  year={2008}
}

@misc{clojurerefactoring,
  title={{Clojure-refacotring}},
  author={Crayford, Tom},
  howpublished={\url{http://github.com/tcrayford/clojure-refactoring}},
  year={2010}
}

@misc{armstrong2007,
  title={{A History of Erlang}},
  author={Armstrong, Joe},
  year={2007}
}

@misc{computerprogramminglanguage,
  title={{Computer programming language}},
  publisher={Encyclopedia Britannica},
  year={2010},
  howpublished={\url{http://www.britannica.com/EBchecked/topic/130670/computer-programming-language}}
}

@misc{historyoferlang,
  title={{History of Erlang}},
  publisher={Erlang Programming Language, Official Website},
  year={2010},
  howpublished={\url{http://www.erlang.org/course/history.html}}
}

@misc{ericssonwiki,
  title={{Ericsson}},
  year={2010},
  howpublished={\url{http://en.wikipedia.org/wiki/Ericsson}}
}

@misc{erlangwiki,
  title={{Erlang (programming language)}},
  year={2010},
  howpublished={\url{http://en.wikipedia.org/wiki/Erlang_(programming_language)}}
}

@misc{lockwiki,
  title={{Lock (computer science)}},
  year={2010},
  howpublished={\url{http://en.wikipedia.org/wiki/Lock_(computer_science)}}
}

@misc{evolutionoflisp,
  title={{The Evolution of Lisp}},
  author={Steele, Guy}
}

@misc{lisprefactoring,
  title={{Refactoring}},
  year={2010},
  howpublished={\url{http://www.b9.com/blog/archives/000036.html}}
}

@misc{lispprehistory,
  title={{LISP prehistory - Summer 1956 through Summer 1958}},
  author={McCarthy, John},
  howpublished={\url{http://www-formal.stanford.edu/jmc/history/lisp/node2.html}}
}

@misc{domainspecific,
  title={{When and How to Develop A Domain Specific Language}},
  howpublished={\url{http://portal.acm.org/citation.cfm?doid=1118890.1118892}}
}

@misc{scalafaq,
  title={{Scala Offical FAQ}},
  howpublished={\url{http://scala-lang.org/faq/1}},
  year={2010}
}

@misc{functionalnets,
  title={{Functional Nets}},
  author={Odersky, Martin},
  howpublished={\url{http://lamp.epfl.ch/funnel/esop2000.html}},
  year={2010}
}

@misc{scalahistory,
  title={{A Brief History of Scala}},
  author={Odersky, Martin},
  howpublished={\url{http://www.artima.com/weblogs/viewpost.jsp?thread=163733}},
  year={2010}
}

@misc{justanotherjavalib,
  title={{For all you know, it's just another Java library}},
  author={Pollak, David},
  year={2010},
  howpublished={\url{http://blog.lostlake.org/index.php?/archives/73-For-all-you-know,-its-just-another-Java-library.html}}
}